%% This BibTeX bibliography file was created using BibDesk.
%% http://bibdesk.sourceforge.net/


%% Created for Alexander Humer at 2015-04-13 19:13:57 +0200 


%% Saved with string encoding Unicode (UTF-8) 



@conference{hotint13,
	Address = {Portland (OR), USA},
	Author = {Gerstmayr, J. and Dorninger, A. and Eder, R. and Gruber, P. and Reischl, D. and Saxinger, M. and Sch{\"o}rgenhumer, M. and Humer, A. and Nachbagauer, K. and Pechstein, A.S. and Vetyukov, Y.},
	Booktitle = {Proceedings of the ASME 2013 International Design Engineering Technical Conferences \& Computers and Information in Engineering Conference (IDETC/CIE)},
	Date-Added = {2015-04-13 17:13:56 +0000},
	Date-Modified = {2015-04-13 17:13:56 +0000},
	Title = {{HOTINT} -- a script language based framework for the simulation of multibody dynamics systems},
	Year = {2013}}

@book{lapack,
	Address = {Philadelphia, PA},
	Author = {Anderson, E. and Bai, Z. and Bischof, C. and Blackford, S. and Demmel, J. and Dongarra, J. and Du Croz, J. and Greenbaum, A. and Hammarling, S. and McKenney, A. and Sorensen, D.},
	Date-Added = {2015-04-10 09:24:49 +0000},
	Date-Modified = {2015-04-10 09:26:10 +0000},
	Edition = {Third},
	Publisher = {Society for Industrial and Applied Mathematics},
	Title = {{LAPACK} Users' Guide},
	Year = {1999}}

@book{Shabana13,
	Author = {Shabana, A.A.},
	Date-Added = {2015-04-09 11:42:42 +0000},
	Date-Modified = {2015-04-09 11:42:42 +0000},
	Edition = {third},
	Publisher = {Cambridge University Press, New York},
	Title = {Dynamics of Multibody Systems},
	Year = {2013}}

@article{gerstmayr2006,
	Author = {Gerstmayr, J. and Sch{\"o}berl, J.},
	Date-Added = {2013-02-01 08:26:41 +0000},
	Date-Modified = {2013-02-01 08:26:48 +0000},
	Journal = {Multibody System Dynamics},
	Number = {4},
	Pages = {305--320},
	Publisher = {Springer},
	Title = {A 3D finite element method for flexible multibody systems},
	Volume = {15},
	Year = {2006}}

@inproceedings{pechstein2011,
	Annotate = {Washington, DC, USA, 2011. Paper No. DETC2011/MSNDC-47800},
	Author = {A. Pechstein and D. Reischl and J. Gerstmayr},
	Booktitle = {Proceedings of the ASME 2011 International Design Engineering Technical Conferences \& Computers and Information in Engineering Conference IDETC/CIE 2011},
	Date-Added = {2013-01-30 21:10:07 +0000},
	Date-Modified = {2013-02-01 08:22:11 +0000},
	Title = {The applicability of the floating-frame based component mode synthesis to high-speed rotors},
	Year = {2011}}

@article{newmark1959,
	Author = {Newmark, N.M.},
	Booktitle = {Proc. ASCE},
	Date-Added = {2013-01-30 13:58:55 +0000},
	Date-Modified = {2013-01-30 13:59:16 +0000},
	Journal = {Proceedings of the ASCE},
	Number = {3},
	Pages = {67--94},
	Title = {A method of computation for structural dynamics},
	Volume = {85},
	Year = {1959}}

@article{hurty1965,
	Author = {W. C. Hurty},
	Date-Added = {2013-01-30 13:04:05 +0000},
	Date-Modified = {2013-01-30 13:04:14 +0000},
	Journal = {AIAA Journal},
	Number = {4},
	Pages = {678--685},
	Title = {Dynamic Analysis of Structural Systems Using Component Modes},
	Volume = {3},
	Year = {1965}}

@article{craig1968,
	Author = {Craig Jr., R. R. and Bampton, M. C. C.},
	Date-Added = {2013-01-30 13:04:05 +0000},
	Date-Modified = {2013-02-01 12:52:01 +0000},
	Journal = {AIAA Journal},
	Number = {7},
	Pages = {1313--1319},
	Title = {Coupling of substructures for dynamic analyses},
	Volume = {6},
	Year = {1968}}

@article{gerstmayr2008,
	Author = {J. Gerstmayr and J. A. C. Ambr\'osio},
	Date-Added = {2013-01-26 15:33:49 +0000},
	Date-Modified = {2013-01-30 14:49:46 +0000},
	Journal = {International Journal for Numerical Methods in Engineering},
	Pages = {1518--1546},
	Title = {Component mode synthesis with constant mass and stiffness matrices applied to flexible multibody systems},
	Volume = {73},
	Year = {2008}}

@inproceedings{humer2012,
	Author = {Humer, A. and Reischl, D. and Gerstmayr, J.},
	Booktitle = {Proceedings of the 2nd Joint International Conference on Multibody System Dynamics},
	Date-Added = {2013-01-26 14:01:16 +0000},
	Date-Modified = {2013-01-26 14:01:37 +0000},
	Title = {Investigations on the Application of Energy-Momentum Schemes to Modally-reduced Multibody Systems},
	Year = {2012}}

@article{pechstein2013,
	Author = {Pechstein, A. and Reischl, D. and Gerstmayr, J.},
	Date-Added = {2013-01-19 21:51:09 +0000},
	Date-Modified = {2013-01-19 21:52:01 +0000},
	Journal = {Journal of Computational and Nonlinear Dynamics},
	Pages = {011019--011028},
	Title = {A Generalized Component Mode Synthesis Approach for Flexible Multibody Systems With a Constant Mass Matrix},
	Volume = {8},
	Year = {2013}}

@inproceedings{humerziegler2013,
	Annotate = {Portland, OR, USA, 2013},
	Author = {Ziegler, P. and Humer, A. and Pechstein, A. and Gerstmayr, J.},
	Booktitle = {Proceedings of the ASME 2013 International Design Engineering Technical Conferences \& Computers and Information in Engineering Conference (IDETC/CIE 2013)},
	Date-Modified = {2014-04-04 12:58:01 +0000},
	Title = {Generalized Component Mode Synthesis for the Spatial Motion of Flexible Bodies with Large Rotations about one Axis},
	Year = {2013}}

@inproceedings{humergerstmayr2013,
	Annotate = {Portland, OR, USA, 2013},
	Author = {Humer, A. and Gerstmayr, J.},
	Booktitle = {Proceedings of the ASME 2013 International Design Engineering Technical Conferences \& Computers and Information in Engineering Conference (IDETC/CIE 2013)},
	Title = {Energy-momentum conserving time integration of modally reduced flexible multibody systems},
	Year = {2013}}

@article{NaetsHeirman2011,
	Author = {Naets, F. and Heirman, G. and Vandepitte, D. and Desmet, W.},
	Date-Modified = {2014-04-03 19:55:30 +0000},
	Journal = {International Journal for Numerical Methods in Engineering},
	Number = {4},
	Pages = {518--536},
	Title = {Inertial force term approximations for the use of Global Modal Parameterization for planar mechanisms},
	Volume = {85},
	Year = {2011}}

@article{Bruls_IJNME2008,
	Author = {Br\"{u}ls, O. and Duysinx, P. and Golinval, J-C.},
	Date-Modified = {2015-03-06 15:54:03 +0000},
	Journal = {International Journal for Numerical Methods in Engineering},
	Number = {5},
	Pages = {948--977},
	Title = {The global modal parameterization for nonlinear model-order reduction in flexible multibody dynamics},
	Volume = {69},
	Year = {2007}}

@article{Naets_IJNME2010,
	Author = {Naets, F. and Heirman, G.~H.~K. and Vandepitte, D. and Desmet, W.},
	Date-Modified = {2014-04-03 19:55:03 +0000},
	Issue = {4},
	Journal = {International Journal for Numerical Methods in Engineering},
	Pages = {518-536},
	Title = {Inertial force term approximations for the use of Global Modal Parameterization for planar mechanisms},
	Volume = {85},
	Year = {2010}}

@article{Naets_MUBO2011,
	Author = {Naets, F. and Tamarozzi, T. and Desmet, W.},
	Date-Modified = {2015-04-11 21:12:10 +0000},
	Journal = {Multibody System Dynamics},
	Number = {3},
	Pages = {267-284},
	Title = {Real-time flexible multibody simulation with Global Modal Parameterization},
	Volume = {27},
	Year = {2012}}

@article{Naets_MUBO2013,
	Author = {Naets, F. and Desmet, W.},
	Date-Modified = {2015-04-11 21:12:01 +0000},
	Journal = {Multibody System Dynamics},
	Number = {1},
	Pages = {3-25},
	Title = {Super-element global modal parameterization for efficient inclusion of highly nonlinear components in multibody simulation},
	Volume = {31},
	Year = {2014}}

@article{Naets_IJNME2012,
	Author = {Naets, F. and Heirman, G.H.K. and Desmet, W.},
	Date-Modified = {2014-04-03 19:55:12 +0000},
	Journal = {International Journal for Numerical Methods in Engineering},
	Number = {10},
	Pages = {1227-1248},
	Title = {Sub-System global Modal Parameterization for efficient simulation of flexible multibody systems},
	Volume = {89},
	Year = {2011}}
